@article{knuth84,
  author = {Knuth, Donald E.},
  title = {Literate Programming},
  year = {1984},
  issue_date = {May 1984},
  publisher = {Oxford University Press, Inc.},
  address = {USA},
  volume = {27},
  number = {2},
  issn = {0010-4620},
  url = {https://doi.org/10.1093/comjnl/27.2.97},
  doi = {10.1093/comjnl/27.2.97},
  journal = {Comput. J.},
  month = may,
  pages = {97–111},
  numpages = {15}
}



@article{mackenzie2003,
	title = {Estimating site occupancy, colonization, and local extinction when a species is detected imperfectly},
	author = {MacKenzie, Darryl I. and Nichols, James D. and Hines, James E. and Knutson, Melinda G. and Franklin, Alan B.},
	year = {2003},
	month = {08},
	date = {2003-08},
	journal = {Ecology},
	pages = {2200--2207},
	volume = {84},
	number = {8},
	doi = {10.1890/02-3090},
	url = {http://doi.wiley.com/10.1890/02-3090},
	langid = {en}
}

@article{kery2016,
	title = {Dynamic occupancy models in unmarked},
	author = {Kery, Marc and Chandler, Richard},
	year = {2016},
	date = {2016},
	pages = {24},
	langid = {en}
}

@article{pollock1982,
	title = {A Capture-Recapture Design Robust to Unequal Probability of Capture},
	author = {Pollock, Kenneth H.},
	year = {1982},
	date = {1982},
	journal = {The Journal of Wildlife Management},
	pages = {752--757},
	volume = {46},
	number = {3},
	doi = {10.2307/3808568},
	url = {https://www.jstor.org/stable/3808568},
	note = {Publisher: [Wiley, Wildlife Society]}
}

@article{kéry2013,
	title = {Analysing and mapping species range dynamics using occupancy models},
	author = {{Kéry}, Marc and Guillera-Arroita, Gurutzeta and Lahoz-Monfort, {José J.}},
	editor = {Patten, Michael},
	year = {2013},
	month = {08},
	date = {2013-08},
	journal = {Journal of Biogeography},
	pages = {1463--1474},
	volume = {40},
	number = {8},
	doi = {10.1111/jbi.12087},
	url = {https://onlinelibrary.wiley.com/doi/10.1111/jbi.12087},
	langid = {en}
}

@article{briscoe2021,
	title = {Can dynamic occupancy models improve predictions of species' range dynamics? A test using Swiss birds},
	author = {Briscoe, Natalie J. and Zurell, Damaris and Elith, Jane and {König}, Christian and Fandos, Guillermo and Malchow, {Anne{-}Kathleen} and {Kéry}, Marc and Schmid, Hans and {Guillera{-}Arroita}, Gurutzeta},
	year = {2021},
	month = {09},
	date = {2021-09},
	journal = {Global Change Biology},
	pages = {4269--4282},
	volume = {27},
	number = {18},
	doi = {10.1111/gcb.15723},
	url = {https://onlinelibrary.wiley.com/doi/10.1111/gcb.15723},
	langid = {en}
}

@article{kéry2013a,
	title = {Analysing and mapping species range dynamics using occupancy models},
	author = {{Kéry}, Marc and Guillera-Arroita, Gurutzeta and Lahoz-Monfort, {José J.}},
	editor = {Patten, Michael},
	year = {2013},
	month = {08},
	date = {2013-08},
	journal = {Journal of Biogeography},
	pages = {1463--1474},
	volume = {40},
	number = {8},
	doi = {10.1111/jbi.12087},
	url = {https://onlinelibrary.wiley.com/doi/10.1111/jbi.12087},
	langid = {en}
}

@article{mackenzie2002,
	title = {Estimating Site Occupancy Rates When Detection Probabilities Are Less Than One},
	author = {MacKenzie, Darryl I. and Nichols, James D. and Lachman, Gideon B. and Droege, Sam and Andrew Royle, J. and Langtimm, Catherine A.},
	year = {2002},
	date = {2002},
	journal = {Ecology},
	pages = {2248--2255},
	volume = {83},
	number = {8},
	doi = {10.1890/0012-9658(2002)083[2248:ESORWD]2.0.CO;2},
	url = {https://onlinelibrary.wiley.com/doi/abs/10.1890/0012-9658%282002%29083%5B2248%3AESORWD%5D2.0.CO%3B2},
	note = {{\_}eprint: https://onlinelibrary.wiley.com/doi/pdf/10.1890/0012-9658%282002%29083%5B2248%3AESORWD%5D2.0.CO%3B2},
	langid = {en}
}

@article{berigan2019,
	title = {Cryptic wide-ranging movements lead to upwardly biased occupancy in a territorial species},
	author = {Berigan, William J. and Jones, Gavin M. and Whitmore, Sheila A. and {Gutiérrez}, R. J. and Peery, M. Z.},
	year = {2019},
	date = {2019},
	journal = {Journal of Applied Ecology},
	pages = {470--480},
	volume = {56},
	number = {2},
	doi = {10.1111/1365-2664.13265},
	url = {https://onlinelibrary.wiley.com/doi/abs/10.1111/1365-2664.13265},
	note = {{\_}eprint: https://onlinelibrary.wiley.com/doi/pdf/10.1111/1365-2664.13265},
	langid = {en}
}

@article{miller2015,
	title = {Performance of species occurrence estimators when basic assumptions are not met: a test using field data where true occupancy status is known},
	author = {Miller, David A. W. and Bailey, Larissa L. and Grant, Evan H. Campbell and McClintock, Brett T. and Weir, Linda A. and Simons, Theodore R.},
	year = {2015},
	date = {2015},
	journal = {Methods in Ecology and Evolution},
	pages = {557--565},
	volume = {6},
	number = {5},
	doi = {10.1111/2041-210X.12342},
	url = {https://onlinelibrary.wiley.com/doi/abs/10.1111/2041-210X.12342},
	note = {{\_}eprint: https://onlinelibrary.wiley.com/doi/pdf/10.1111/2041-210X.12342},
	langid = {en}
}

@article{mcclintock2010,
	title = {Unmodelred observation error induces bias when inferring patterns and dynamics of species occurrence via aural detections},
	author = {McClintock, Brett T. and Bailey, Larissa L. and Pollock, Kenneth H. and Simons, Theodore R.},
	year = {2010},
	date = {2010},
	journal = {Ecology},
	pages = {2446--2454},
	volume = {91},
	number = {8},
	url = {https://www.jstor.org/stable/27860809},
	note = {Publisher: Ecological Society of America}
}

@article{royle2006,
	title = {GENERALIZED SITE OCCUPANCY MODELS ALLOWING FOR FALSE POSITIVE AND FALSE NEGATIVE ERRORS},
	author = {Royle, J. Andrew and Link, William A.},
	year = {2006},
	month = {04},
	date = {2006-04},
	journal = {Ecology},
	pages = {835--841},
	volume = {87},
	number = {4},
	doi = {10.1890/0012-9658(2006)87[835:GSOMAF]2.0.CO;2},
	url = {http://doi.wiley.com/10.1890/0012-9658(2006)87[835:GSOMAF]2.0.CO;2},
	langid = {en}
}

@article{miller2011,
	title = {Improving occupancy estimation when two types of observational error occur: Non-detection and species misidentification},
	author = {Miller, David and Nichols, James and Mcclintock, Brett and Grant, Evan and Bailey, L and Weir, Linda},
	year = {2011},
	month = {07},
	date = {2011-07-01},
	journal = {Ecology},
	pages = {1422--8},
	volume = {92},
	doi = {10.2307/23035095}
}

@article{miller2013,
	title = {Determining Occurrence Dynamics when False Positives Occur: Estimating the Range Dynamics of Wolves from Public Survey Data},
	author = {Miller, David A. W. and Nichols, James D. and Gude, Justin A. and Rich, Lindsey N. and Podruzny, Kevin M. and Hines, James E. and Mitchell, Michael S.},
	year = {2013},
	month = {06},
	date = {2013-06-19},
	journal = {PLOS ONE},
	pages = {e65808},
	volume = {8},
	number = {6},
	doi = {10.1371/journal.pone.0065808},
	url = {https://journals.plos.org/plosone/article?id=10.1371/journal.pone.0065808},
	note = {Publisher: Public Library of Science},
	langid = {en}
}

@article{rota2009,
	title = {Occupancy estimation and the closure assumption},
	author = {Rota, Christopher T. and Fletcher Jr, Robert J. and Dorazio, Robert M. and Betts, Matthew G.},
	year = {2009},
	date = {2009},
	journal = {Journal of Applied Ecology},
	pages = {1173--1181},
	volume = {46},
	number = {6},
	doi = {10.1111/j.1365-2664.2009.01734.x},
	url = {https://onlinelibrary.wiley.com/doi/abs/10.1111/j.1365-2664.2009.01734.x},
	note = {{\_}eprint: https://onlinelibrary.wiley.com/doi/pdf/10.1111/j.1365-2664.2009.01734.x},
	langid = {en}
}

@article{otto2013,
	title = {Improving species occupancy estimation when sampling violates the closure assumption},
	author = {Otto, Clint R. V. and Bailey, Larissa L. and Roloff, Gary J.},
	year = {2013},
	month = {12},
	date = {2013-12},
	journal = {Ecography},
	pages = {1299--1309},
	volume = {36},
	number = {12},
	doi = {10.1111/j.1600-0587.2013.00137.x},
	url = {https://onlinelibrary.wiley.com/doi/10.1111/j.1600-0587.2013.00137.x},
	langid = {en}
}

@article{kendall2013,
	title = {Relaxing the closure assumption in occupancy models: staggered arrival and departure times},
	author = {Kendall, William L. and Hines, James E. and Nichols, James D. and Grant, Evan H. Campbell},
	year = {2013},
	month = {03},
	date = {2013-03},
	journal = {Ecology},
	pages = {610--617},
	volume = {94},
	number = {3},
	doi = {10.1890/12-1720.1},
	url = {https://esajournals.onlinelibrary.wiley.com/doi/10.1890/12-1720.1},
	langid = {en}
}

@article{valente2017,
	title = {Distinguishing distribution dynamics from temporary emigration using dynamic occupancy models},
	author = {Valente, Jonathon J. and Hutchinson, Rebecca A. and Betts, Matthew G.},
	editor = {Matthiopoulos, Jason},
	year = {2017},
	month = {12},
	date = {2017-12},
	journal = {Methods in Ecology and Evolution},
	pages = {1707--1716},
	volume = {8},
	number = {12},
	doi = {10.1111/2041-210X.12840},
	url = {https://onlinelibrary.wiley.com/doi/10.1111/2041-210X.12840},
	langid = {en}
}

@article{belinchón2017,
	title = {Local epiphyte establishment and future metapopulation dynamics in landscapes with different spatiotemporal properties},
	author = {{Belinchón}, {Rocío} and Harrison, Philip J. and Mair, Louise and {Várkonyi}, Gergely and {Snäll}, Tord},
	year = {2017},
	date = {2017},
	journal = {Ecology},
	pages = {741--750},
	volume = {98},
	number = {3},
	doi = {10.1002/ecy.1686},
	url = {https://onlinelibrary.wiley.com/doi/abs/10.1002/ecy.1686},
	note = {{\_}eprint: https://onlinelibrary.wiley.com/doi/pdf/10.1002/ecy.1686},
	langid = {en}
}

@article{saunders2020,
	title = {Community science validates climate suitability projections from ecological niche modeling},
	author = {Saunders, Sarah P. and Michel, Nicole L. and Bateman, Brooke L. and Wilsey, Chad B. and Dale, Kathy and LeBaron, Geoffrey S. and Langham, Gary M.},
	year = {2020},
	date = {2020},
	journal = {Ecological Applications},
	pages = {e02128},
	volume = {30},
	number = {6},
	doi = {10.1002/eap.2128},
	url = {https://onlinelibrary.wiley.com/doi/abs/10.1002/eap.2128},
	note = {{\_}eprint: https://onlinelibrary.wiley.com/doi/pdf/10.1002/eap.2128},
	langid = {en}
}

@article{mcgowan2020,
	title = {Linking monitoring and data analysis to predictions and decisions for the range-wide eastern black rail status assessment},
	author = {McGowan, Conor P. and Angeli, N. and Beisler, W. and Snyder, C. W. and Rankin, N. M. and Woodrow, J. and Wilson, J. and Rivenbark, E. and Schwarzer, A. and Hand, C. and Anthony, R. M. and Griffin, R. and Barrett, K. and Haverland, A. and Roach, N. and Schneider, T. and Smith, A. J. and Smith, F. and Tolliver, J. and Watts, Bryan D.},
	year = {2020},
	date = {2020},
	journal = {Endangered Species Research},
	pages = {209--222},
	volume = {43},
	doi = {10.3354/esr01063},
	url = {https://pubs.usgs.gov/publication/70228490},
	langid = {en}
}

@article{morin2020,
	title = {Is your ad hoc model selection strategy affecting your multimodel inference?},
	author = {Morin, Dana J. and Yackulic, Charles B. and Diffendorfer, Jay E. and Lesmeister, Damon B. and Nielsen, Clayton K. and Reid, Janice and Schauber, Eric M.},
	year = {2020},
	date = {2020},
	journal = {Ecosphere},
	pages = {e02997},
	volume = {11},
	number = {1},
	doi = {10.1002/ecs2.2997},
	url = {https://onlinelibrary.wiley.com/doi/abs/10.1002/ecs2.2997},
	note = {{\_}eprint: https://onlinelibrary.wiley.com/doi/pdf/10.1002/ecs2.2997},
	langid = {en}
}

@article{hooten2015,
	title = {A guide to Bayesian model selection for ecologists},
	author = {Hooten, M. B. and Hobbs, N. T.},
	year = {2015},
	month = {02},
	date = {2015-02},
	journal = {Ecological Monographs},
	pages = {3--28},
	volume = {85},
	number = {1},
	doi = {10.1890/14-0661.1},
	url = {http://doi.wiley.com/10.1890/14-0661.1},
	langid = {en}
}

@article{elith2009,
	title = {Species Distribution Models: Ecological Explanation and Prediction Across Space and Time},
	author = {Elith, Jane and Leathwick, John R.},
	year = {2009},
	date = {2009},
	journal = {Annual Review of Ecology, Evolution, and Systematics},
	pages = {677--697},
	volume = {40},
	url = {https://www.jstor.org/stable/20744060},
	note = {Publisher: Annual Reviews}
}

@article{guillera-arroita2017,
	title = {Modelling of species distributions, range dynamics and communities under imperfect detection: advances, challenges and opportunities},
	author = {{Guillera{-}Arroita}, Gurutzeta},
	year = {2017},
	month = {02},
	date = {2017-02},
	journal = {Ecography},
	pages = {281--295},
	volume = {40},
	number = {2},
	doi = {10.1111/ecog.02445},
	url = {https://onlinelibrary.wiley.com/doi/10.1111/ecog.02445},
	langid = {en}
}

@article{mackenzie2005,
	title = {Improving Inferences in Population Studies of Rare Species That Are Detected Imperfectly},
	author = {MacKenzie, Darryl I. and Nichols, James. D. and Sutton, Nicole and Kawanishi, Kae and Bailey, Larissa L.},
	year = {2005},
	date = {2005},
	journal = {Ecology},
	pages = {1101--1113},
	volume = {86},
	number = {5},
	doi = {10.1890/04-1060},
	url = {https://onlinelibrary.wiley.com/doi/abs/10.1890/04-1060},
	note = {{\_}eprint: https://onlinelibrary.wiley.com/doi/pdf/10.1890/04-1060},
	langid = {en}
}

@book{mackenzie2017,
	title = {Occupancy Estimation and Modeling: Inferring Patterns and Dynamics of Species Occurrence},
	author = {MacKenzie, Darryl I. and Nichols, James D. and Royle, J. Andrew and Pollock, Kenneth H. and Bailey, Larissa L. and Hines, James E.},
	year = {2017},
	date = {2017},
	publisher = {Elsevier Science & Technology},
	url = {http://ebookcentral.proquest.com/lib/unimelb/detail.action?docID=5124550},
	address = {San Diego, UNITED STATES}
}

@article{bailey2014,
	title = {Advances and applications of occupancy models},
	author = {Bailey, Larissa L. and MacKenzie, Darryl I. and Nichols, James D.},
	editor = {Cooch, Evan},
	year = {2014},
	month = {12},
	date = {2014-12},
	journal = {Methods in Ecology and Evolution},
	pages = {1269--1279},
	volume = {5},
	number = {12},
	doi = {10.1111/2041-210X.12100},
	url = {https://onlinelibrary.wiley.com/doi/10.1111/2041-210X.12100},
	langid = {en}
}

@article{devarajan2020,
	title = {Multi{-}species occupancy models: review, roadmap, and recommendations},
	author = {Devarajan, Kadambari and Morelli, Toni Lyn and Tenan, Simone},
	year = {2020},
	month = {11},
	date = {2020-11},
	journal = {Ecography},
	pages = {1612--1624},
	volume = {43},
	number = {11},
	doi = {10.1111/ecog.04957},
	url = {https://onlinelibrary.wiley.com/doi/10.1111/ecog.04957},
	langid = {en}
}

@article{nichols2007,
	title = {Occupancy Estimation and Modeling with Multiple States and State Uncertainty},
	author = {Nichols, James D. and Hines, James E. and Mackenzie, Darryl I. and Seamans, Mark E. and {Gutiérrez}, R. J.},
	year = {2007},
	date = {2007},
	journal = {Ecology},
	pages = {1395--1400},
	volume = {88},
	number = {6},
	url = {https://www.jstor.org/stable/27651247},
	note = {Publisher: Ecological Society of America}
}

@article{nichols2008,
	title = {Multi-scale occupancy estimation and modelling using multiple detection methods},
	author = {Nichols, James D. and Bailey, Larissa L. and {O{\textquoteright}Connell Jr.}, Allan F. and Talancy, Neil W. and Campbell Grant, Evan H. and Gilbert, Andrew T. and Annand, Elizabeth M. and Husband, Thomas P. and Hines, James E.},
	year = {2008},
	month = {10},
	date = {2008-10},
	journal = {Journal of Applied Ecology},
	pages = {1321--1329},
	volume = {45},
	number = {5},
	doi = {10.1111/j.1365-2664.2008.01509.x},
	url = {https://onlinelibrary.wiley.com/doi/10.1111/j.1365-2664.2008.01509.x},
	langid = {en}
}

@article{zuckerberg2011,
	title = {Climatic constraints on wintering bird distributions are modified by urbanization and weather: Wintering birds, weather, food, and climate},
	author = {Zuckerberg, Benjamin and Bonter, David N. and Hochachka, Wesley M. and Koenig, Walter D. and DeGaetano, Arthur T. and Dickinson, Janis L.},
	year = {2011},
	month = {03},
	date = {2011-03},
	journal = {Journal of Animal Ecology},
	pages = {403--413},
	volume = {80},
	number = {2},
	doi = {10.1111/j.1365-2656.2010.01780.x},
	url = {https://onlinelibrary.wiley.com/doi/10.1111/j.1365-2656.2010.01780.x},
	langid = {en}
}

@article{zúñiga-vega2019,
	title = {Habitat traits that increase the probability of occupancy of migratory birds in an urban ecological reserve},
	author = {{Zúñiga-Vega}, J. Jaime and Solano-Zavaleta, Israel and {Sáenz-Escobar}, M. Fernanda and {Ramírez-Cruz}, Gonzalo A.},
	year = {2019},
	month = {11},
	date = {2019-11-01},
	journal = {Acta Oecologica},
	pages = {103480},
	volume = {101},
	doi = {10.1016/j.actao.2019.103480},
	url = {https://www.sciencedirect.com/science/article/pii/S1146609X19302942}
}

@article{warrier2020,
	title = {Agricultural lands offer seasonal habitats to tigers in a human{-}dominated and fragmented landscape in India},
	author = {Warrier, Rekha and Noon, Barry R. and Bailey, Larissa},
	year = {2020},
	month = {07},
	date = {2020-07},
	journal = {Ecosphere},
	volume = {11},
	number = {7},
	doi = {10.1002/ecs2.3080},
	url = {https://onlinelibrary.wiley.com/doi/10.1002/ecs2.3080},
	langid = {en}
}

@article{peach2019,
	title = {Value of protected areas to avian persistence across 20 years of climate and land{-}use change},
	author = {Peach, Michelle A. and Cohen, Jonathan B. and Frair, Jacqueline L. and Zuckerberg, Benjamin and Sullivan, Patrick and Porter, William F. and Lang, Corey},
	year = {2019},
	month = {04},
	date = {2019-04},
	journal = {Conservation Biology},
	pages = {423--433},
	volume = {33},
	number = {2},
	doi = {10.1111/cobi.13205},
	url = {https://onlinelibrary.wiley.com/doi/10.1111/cobi.13205},
	langid = {en}
}

@article{pitman2017,
	title = {Cats, connectivity and conservation: incorporating data sets and integrating scales for wildlife management},
	author = {Pitman, Ross T. and Fattebert, Julien and Williams, Samual T. and Williams, Kathryn S. and Hill, Russell A. and Hunter, Luke T. B. and Robinson, Hugh and Power, John and Swanepoel, Lourens and Slotow, Rob and Balme, Guy A.},
	editor = {Howe, Caroline},
	year = {2017},
	month = {12},
	date = {2017-12},
	journal = {Journal of Applied Ecology},
	pages = {1687--1698},
	volume = {54},
	number = {6},
	doi = {10.1111/1365-2664.12851},
	url = {https://onlinelibrary.wiley.com/doi/10.1111/1365-2664.12851},
	langid = {en}
}

@article{davis2018,
	title = {Quantifying site-level usage and certainty of absence for an invasive species through occupancy analysis of camera-trap data},
	author = {Davis, Amy J. and McCreary, Ryan and Psiropoulos, Jeremiah and Brennan, Gary and Cox, Terry and Partin, Andrew and Pepin, Kim M.},
	year = {2018},
	month = {04},
	date = {2018-04},
	journal = {Biological Invasions},
	pages = {877--890},
	volume = {20},
	number = {4},
	doi = {10.1007/s10530-017-1579-x},
	url = {http://link.springer.com/10.1007/s10530-017-1579-x},
	langid = {en}
}

@article{pollentier2021,
	title = {Gobbling across landscapes: Eastern wild turkey distribution and occupancy{\textendash}habitat associations},
	author = {Pollentier, Christopher D. and Hardy, Michael A. and Lutz, R. Scott and Hull, Scott D. and Zuckerberg, Benjamin},
	year = {2021},
	date = {2021},
	journal = {Ecology and Evolution},
	pages = {18248--18270},
	volume = {11},
	number = {24},
	doi = {10.1002/ece3.8419},
	url = {https://onlinelibrary.wiley.com/doi/abs/10.1002/ece3.8419},
	note = {{\_}eprint: https://onlinelibrary.wiley.com/doi/pdf/10.1002/ece3.8419},
	langid = {en}
}

@article{sutherland2014,
	title = {A demographic, spatially explicit patch occupancy model of metapopulation dynamics and persistence},
	author = {Sutherland, C. S. and Elston, D. A. and Lambin, X.},
	year = {2014},
	month = {11},
	date = {2014-11},
	journal = {Ecology},
	pages = {3149--3160},
	volume = {95},
	number = {11},
	doi = {10.1890/14-0384.1},
	url = {http://doi.wiley.com/10.1890/14-0384.1},
	langid = {en}
}

@article{duggan2011,
	title = {Modeling occupancy dynamics of a rare species, Franklin{\textquoteright}s ground squirrel, with limited data: are simple connectivity metrics adequate?},
	author = {Duggan, Jennifer M. and Schooley, Robert L. and Heske, Edward J.},
	year = {2011},
	month = {12},
	date = {2011-12},
	journal = {Landscape Ecology},
	pages = {1477--1490},
	volume = {26},
	number = {10},
	doi = {10.1007/s10980-011-9652-9},
	url = {http://link.springer.com/10.1007/s10980-011-9652-9},
	langid = {en}
}

@article{broms2016,
	title = {Dynamic occupancy models for explicit colonization processes},
	author = {Broms, Kristin M. and Hooten, Mevin B. and Johnson, Devin S. and Altwegg, Res and Conquest, Loveday L.},
	year = {2016},
	month = {01},
	date = {2016-01},
	journal = {Ecology},
	pages = {194--204},
	volume = {97},
	number = {1},
	doi = {10.1890/15-0416.1},
	url = {http://doi.wiley.com/10.1890/15-0416.1},
	langid = {en}
}

@article{humboldt1849,
	title = {Cosmos : a sketch of a physical description of the universe},
	author = {Humboldt, Alexander von},
	year = {1849},
	month = {01},
	date = {1849-01-01},
	note = {Publisher: Henry G. Bohn},
	langid = {eng}
}

@article{lahoz-monfort2014,
	title = {Imperfect detection impacts the performance of species distribution models},
	author = {Lahoz-Monfort, {José J.} and Guillera-Arroita, Gurutzeta and Wintle, Brendan A.},
	year = {2014},
	date = {2014},
	journal = {Global Ecology and Biogeography},
	pages = {504--515},
	volume = {23},
	number = {4},
	doi = {10.1111/geb.12138},
	url = {https://onlinelibrary.wiley.com/doi/abs/10.1111/geb.12138},
	note = {{\_}eprint: https://onlinelibrary.wiley.com/doi/pdf/10.1111/geb.12138},
	langid = {en}
}

@article{gu2004,
	title = {Absent or undetected? Effects of non-detection of species occurrence on wildlife{\textendash}habitat models},
	author = {Gu, Weidong and Swihart, Robert K},
	year = {2004},
	month = {04},
	date = {2004-04-01},
	journal = {Biological Conservation},
	pages = {195--203},
	volume = {116},
	number = {2},
	doi = {10.1016/S0006-3207(03)00190-3},
	url = {https://www.sciencedirect.com/science/article/pii/S0006320703001903}
}

@article{elith2010,
	title = {The art of modelling range-shifting species},
	author = {Elith, Jane and Kearney, Michael and Phillips, Steven},
	year = {2010},
	date = {2010},
	journal = {Methods in Ecology and Evolution},
	pages = {330--342},
	volume = {1},
	number = {4},
	doi = {10.1111/j.2041-210X.2010.00036.x},
	url = {https://onlinelibrary.wiley.com/doi/abs/10.1111/j.2041-210X.2010.00036.x},
	note = {{\_}eprint: https://onlinelibrary.wiley.com/doi/pdf/10.1111/j.2041-210X.2010.00036.x},
	langid = {en}
}

@article{pollock1990,
	title = {Statistical Inference for Capture-Recapture Experiments},
	author = {Pollock, Kenneth H. and Nichols, James D. and Brownie, Cavell and Hines, James E.},
	year = {1990},
	date = {1990},
	journal = {Wildlife Monographs},
	pages = {3--97},
	number = {107},
	url = {https://www.jstor.org/stable/3830560},
	note = {Publisher: [Wiley, Wildlife Society]}
}

@article{guisan2006,
	title = {Making better biogeographical predictions of species{\textquoteright} distributions},
	author = {Guisan, Antoine and Lehmann, Anthony and Ferrier, Simon and Austin, Mike and Overton, Jacob Mc. C. and Aspinall, Richard and Hastie, Trevor},
	year = {2006},
	month = {06},
	date = {2006-06},
	journal = {Journal of Applied Ecology},
	pages = {386--392},
	volume = {43},
	number = {3},
	doi = {10.1111/j.1365-2664.2006.01164.x},
	url = {https://besjournals.onlinelibrary.wiley.com/doi/full/10.1111/j.1365-2664.2006.01164.x},
	note = {Publisher: John Wiley & Sons, Ltd}
}

@article{araújo2019,
	title = {Standards for distribution models in biodiversity assessments},
	author = {{Araújo}, Miguel B. and Anderson, Robert P. and {Márcia Barbosa}, A. and Beale, Colin M. and Dormann, Carsten F. and Early, Regan and Garcia, Raquel A. and Guisan, Antoine and Maiorano, Luigi and Naimi, Babak and {O{\textquoteright}Hara}, Robert B. and Zimmermann, Niklaus E. and Rahbek, Carsten},
	year = {2019},
	month = {01},
	date = {2019-01-16},
	journal = {Science Advances},
	pages = {eaat4858},
	volume = {5},
	number = {1},
	doi = {10.1126/sciadv.aat4858},
	url = {https://www.science.org/doi/10.1126/sciadv.aat4858},
	note = {Publisher: American Association for the Advancement of Science}
}

@article{araújo2006,
	title = {Five (or so) challenges for species distribution modelling},
	author = {{Araújo}, Miguel B. and Guisan, Antoine},
	year = {2006},
	date = {2006},
	journal = {Journal of Biogeography},
	pages = {1677--1688},
	volume = {33},
	number = {10},
	doi = {10.1111/j.1365-2699.2006.01584.x},
	url = {https://onlinelibrary.wiley.com/doi/abs/10.1111/j.1365-2699.2006.01584.x},
	note = {{\_}eprint: https://onlinelibrary.wiley.com/doi/pdf/10.1111/j.1365-2699.2006.01584.x},
	langid = {en}
}

@article{jarnevich2015,
	title = {Caveats for correlative species distribution modeling},
	author = {Jarnevich, Catherine S. and Stohlgren, Thomas J. and Kumar, Sunil and Morisette, Jeffery T. and Holcombe, Tracy R.},
	year = {2015},
	month = {09},
	date = {2015-09-01},
	journal = {Ecological Informatics},
	pages = {6--15},
	volume = {29},
	doi = {10.1016/j.ecoinf.2015.06.007},
	url = {https://www.sciencedirect.com/science/article/pii/S1574954115000977}
}

@article{fisher2014,
	title = {Occupancy dynamics of escaped farmed Atlantic salmon in Canadian Pacific coastal salmon streams: implications for sustained invasions},
	author = {Fisher, Alina C. and Volpe, John P. and Fisher, Jason T.},
	year = {2014},
	month = {10},
	date = {2014-10-01},
	journal = {Biological Invasions},
	pages = {2137--2146},
	volume = {16},
	number = {10},
	doi = {10.1007/s10530-014-0653-x},
	url = {https://doi.org/10.1007/s10530-014-0653-x},
	langid = {en}
}

@article{falke2012,
	title = {Colonization and extinction in dynamic habitats: an occupancy approach for a Great Plains stream fish assemblage},
	author = {Falke, Jeffrey A. and Bailey, Larissa L. and Fausch, Kurt D. and Bestgen, Kevin R.},
	year = {2012},
	month = {04},
	date = {2012-04},
	journal = {Ecology},
	pages = {858--867},
	volume = {93},
	number = {4},
	doi = {10.1890/11-1515.1},
	url = {https://onlinelibrary.wiley.com/doi/10.1890/11-1515.1},
	langid = {en}
}

@article{mordecai2009,
	title = {A threshold response to habitat disturbance by forest birds in the Choco Andean corridor, Northwest Ecuador},
	author = {Mordecai, Rua S. and Cooper, Robert J. and Justicia, Rebeca},
	year = {2009},
	month = {08},
	date = {2009-08-01},
	journal = {Biodiversity and Conservation},
	pages = {2421--2431},
	volume = {18},
	number = {9},
	doi = {10.1007/s10531-009-9599-1},
	url = {https://doi.org/10.1007/s10531-009-9599-1},
	langid = {en}
}

@article{fidino2019,
	title = {A multistate dynamic occupancy model to estimate local colonization{\textendash}extinction rates and patterns of co{-}occurrence between two or more interacting species},
	author = {Fidino, Mason and Simonis, Juniper L. and Magle, Seth B.},
	editor = {{O{\textquoteright}Hara}, Robert B.},
	year = {2019},
	month = {02},
	date = {2019-02},
	journal = {Methods in Ecology and Evolution},
	pages = {233--244},
	volume = {10},
	number = {2},
	doi = {10.1111/2041-210X.13117},
	url = {https://onlinelibrary.wiley.com/doi/10.1111/2041-210X.13117},
	langid = {en}
}

@article{lee2017,
	title = {Avian Species and Functional Diversity in Agricultural Landscapes: Does Landscape Heterogeneity Matter?},
	author = {Lee, Myung-Bok and Martin, James A.},
	editor = {Green, Andy J},
	year = {2017},
	month = {01},
	date = {2017-01-26},
	journal = {PLOS ONE},
	pages = {e0170540},
	volume = {12},
	number = {1},
	doi = {10.1371/journal.pone.0170540},
	url = {https://dx.plos.org/10.1371/journal.pone.0170540},
	langid = {en}
}

@article{lesmeister2015,
	title = {Spatial and temporal structure of a mesocarnivore guild in midwestern north America: Midwestern Carnivore Guild Structure},
	author = {Lesmeister, Damon B. and Nielsen, Clayton K. and Schauber, Eric M. and Hellgren, Eric C.},
	year = {2015},
	month = {05},
	date = {2015-05},
	journal = {Wildlife Monographs},
	pages = {1--61},
	volume = {191},
	number = {1},
	doi = {10.1002/wmon.1015},
	url = {https://onlinelibrary.wiley.com/doi/10.1002/wmon.1015},
	langid = {en}
}

@article{riddell2021,
	title = {Exposure to climate change drives stability or collapse of desert mammal and bird communities},
	author = {Riddell, E. A. and Iknayan, K. J. and Hargrove, L. and Tremor, S. and Patton, J. L. and Ramirez, R. and Wolf, B. O. and Beissinger, S. R.},
	year = {2021},
	month = {02},
	date = {2021-02-05},
	journal = {Science},
	pages = {633--636},
	volume = {371},
	number = {6529},
	doi = {10.1126/science.abd4605},
	url = {https://www.science.org/doi/10.1126/science.abd4605},
	note = {Publisher: American Association for the Advancement of Science}
}

@techreport{kleiven2020,
	title = {A dynamic occupancy model for interacting species with two spatial scales},
	author = {Kleiven, Eivind Flittie and Barraquand, Frederic and Gimenez, Olivier and Henden, {John-André} and Ims, Rolf Anker and Soininen, Eeva M. and Yoccoz, Nigel Gilles},
	year = {2020},
	month = {12},
	date = {2020-12-16},
	doi = {10.1101/2020.12.16.423067},
	url = {http://biorxiv.org/lookup/doi/10.1101/2020.12.16.423067},
	note = {DOI: 10.1101/2020.12.16.423067},
	langid = {en}
}

@article{mölle2022,
	title = {Using subnivean camera traps to study Arctic small mammal community dynamics during winter},
	author = {{Mölle}, Jonas P. and Kleiven, Eivind F. and Ims, Rolf A. and Soininen, Eeva M.},
	year = {2022},
	month = {03},
	date = {2022-03},
	journal = {Arctic Science},
	pages = {183--199},
	volume = {8},
	number = {1},
	doi = {10.1139/as-2021-0006},
	url = {https://cdnsciencepub.com/doi/full/10.1139/as-2021-0006},
	note = {Publisher: NRC Research Press}
}

@article{bertelsmeier2013,
	title = {Increase in Quantity and Quality of Suitable Areas for Invasive Species as Climate Changes},
	author = {{Bertelsmeier}, Cleo and Luque, Gloria M. and Courchamp, Franck},
	year = {2013},
	date = {2013},
	journal = {Conservation Biology},
	pages = {1458--1467},
	volume = {27},
	number = {6},
	doi = {10.1111/cobi.12093},
	url = {https://onlinelibrary.wiley.com/doi/abs/10.1111/cobi.12093},
	note = {{\_}eprint: https://onlinelibrary.wiley.com/doi/pdf/10.1111/cobi.12093},
	langid = {en}
}

@article{lenoir2015,
	title = {Climate-related range shifts {\textendash} a global multidimensional synthesis and new research directions},
	author = {Lenoir, J. and Svenning, J.-C.},
	year = {2015},
	date = {2015},
	journal = {Ecography},
	pages = {15--28},
	volume = {38},
	number = {1},
	doi = {10.1111/ecog.00967},
	url = {https://onlinelibrary.wiley.com/doi/abs/10.1111/ecog.00967},
	note = {{\_}eprint: https://onlinelibrary.wiley.com/doi/pdf/10.1111/ecog.00967},
	langid = {en}
}

@article{dorazio2010,
	title = {Models for inference in dynamic metacommunity systems},
	author = {Dorazio, Robert M. and {Kéry}, Marc and Royle, J. Andrew and Plattner, Matthias},
	year = {2010},
	date = {2010},
	journal = {Ecology},
	pages = {2466--2475},
	volume = {91},
	number = {8},
	doi = {10.1890/09-1033.1},
	url = {https://onlinelibrary.wiley.com/doi/abs/10.1890/09-1033.1},
	note = {{\_}eprint: https://onlinelibrary.wiley.com/doi/pdf/10.1890/09-1033.1},
	langid = {en}
}

@article{balantic2019,
	title = {Dynamic wildlife occupancy models using automated acoustic monitoring data},
	author = {Balantic, Cathleen and Donovan, Therese},
	year = {2019},
	month = {04},
	date = {2019-04},
	journal = {Ecological Applications},
	volume = {29},
	number = {3},
	doi = {10.1002/eap.1854},
	url = {https://onlinelibrary.wiley.com/doi/10.1002/eap.1854},
	langid = {en}
}

@article{chen2013,
	title = {Imperfect detection is the rule rather than the exception in plant distribution studies},
	author = {Chen, Guoke and {Kéry}, Marc and Plattner, Matthias and Ma, Keping and Gardner, Beth},
	year = {2013},
	date = {2013},
	journal = {Journal of Ecology},
	pages = {183--191},
	volume = {101},
	number = {1},
	doi = {10.1111/1365-2745.12021},
	url = {https://onlinelibrary.wiley.com/doi/abs/10.1111/1365-2745.12021},
	note = {{\_}eprint: https://onlinelibrary.wiley.com/doi/pdf/10.1111/1365-2745.12021},
	langid = {en}
}

@article{carvalho2023,
	title = {Current status of the Critically Endangered Black-winged Trumpeter Psophia obscura in one of its last strongholds},
	author = {Carvalho, Elildo a. R. and {Mendonça}, {Eloísa N.} and Lopes, Alexandre M. C. and Haugaasen, {Torbjørn}},
	year = {2023},
	month = {01},
	date = {2023-01},
	journal = {Bird Conservation International},
	pages = {e12},
	volume = {33},
	doi = {10.1017/S0959270922000077},
	url = {https://www.cambridge.org/core/journals/bird-conservation-international/article/current-status-of-the-critically-endangered-blackwinged-trumpeter-psophia-obscura-in-one-of-its-last-strongholds/AF96CE4CFA805FD43D5824CCF900FD33},
	note = {Publisher: Cambridge University Press},
	langid = {en}
}

@article{mores2020,
	title = {Site Occupancy by Aedes aegypti in a Subtropical City is Most Sensitive to Control during Autumn and Winter Months},
	author = {Mores, Guilherme Barradas and Schuler-Faccini, Lavinia and Hasenack, Heinrich and Fetzer, Liane Oliveira and Souza, {Getúlio Dornelles} and Ferraz, {Gonçalo}},
	year = {2020},
	month = {07},
	date = {2020-07-08},
	journal = {The American Journal of Tropical Medicine and Hygiene},
	pages = {445--454},
	volume = {103},
	number = {1},
	doi = {10.4269/ajtmh.19-0366},
	url = {https://ajtmh.org/doi/10.4269/ajtmh.19-0366},
	langid = {en}
}

@article{wood2020,
	title = {Early detection of rapid Barred Owl population growth within the range of the California Spotted Owl advises the Precautionary Principle},
	author = {Wood, Connor M and {Gutiérrez}, R J and Keane, John J and Peery, M Zachariah},
	year = {2020},
	month = {03},
	date = {2020-03-10},
	journal = {The Condor},
	pages = {duz058},
	volume = {122},
	number = {1},
	doi = {10.1093/condor/duz058},
	url = {https://academic.oup.com/condor/article/doi/10.1093/condor/duz058/5670813},
	langid = {en}
}

@article{elith2006,
	title = {Novel methods improve prediction of species{\textquoteright} distributions from occurrence data},
	author = {Elith, Jane and H. Graham, Catherine and P. Anderson, Robert and {Dudík}, Miroslav and Ferrier, Simon and Guisan, Antoine and J. Hijmans, Robert and Huettmann, Falk and R. Leathwick, John and Lehmann, Anthony and Li, Jin and G. Lohmann, Lucia and A. Loiselle, Bette and Manion, Glenn and Moritz, Craig and Nakamura, Miguel and Nakazawa, Yoshinori and McC. M. Overton, Jacob and Townsend Peterson, A. and J. Phillips, Steven and Richardson, Karen and Scachetti-Pereira, Ricardo and E. Schapire, Robert and {Soberón}, Jorge and Williams, Stephen and S. Wisz, Mary and E. Zimmermann, Niklaus},
	year = {2006},
	date = {2006},
	journal = {Ecography},
	pages = {129--151},
	volume = {29},
	number = {2},
	doi = {10.1111/j.2006.0906-7590.04596.x},
	url = {https://onlinelibrary.wiley.com/doi/abs/10.1111/j.2006.0906-7590.04596.x},
	note = {{\_}eprint: https://onlinelibrary.wiley.com/doi/pdf/10.1111/j.2006.0906-7590.04596.x},
	langid = {en}
}

@article{hendershot2020,
	title = {Intensive farming drives long-term shifts in avian community composition},
	author = {Hendershot, J. Nicholas and Smith, Jeffrey R. and Anderson, Christopher B. and Letten, Andrew D. and Frishkoff, Luke O. and Zook, Jim R. and Fukami, Tadashi and Daily, Gretchen C.},
	year = {2020},
	month = {03},
	date = {2020-03-19},
	journal = {Nature},
	pages = {393--396},
	volume = {579},
	number = {7799},
	doi = {10.1038/s41586-020-2090-6},
	url = {http://www.nature.com/articles/s41586-020-2090-6},
	langid = {en}
}

@article{otto2012,
	title = {Songbird response to green-tree retention prescriptions in clearcut forests},
	author = {Otto, Clint R.V. and Roloff, Gary J.},
	year = {2012},
	month = {11},
	date = {2012-11},
	journal = {Forest Ecology and Management},
	pages = {241--250},
	volume = {284},
	doi = {10.1016/j.foreco.2012.07.016},
	url = {https://linkinghub.elsevier.com/retrieve/pii/S0378112712004124},
	langid = {en}
}

@article{chave2013,
	title = {The problem of pattern and scale in ecology: what have we learned in 20 years?},
	author = {Chave, {Jérôme}},
	year = {2013},
	date = {2013},
	journal = {Ecology Letters},
	pages = {4--16},
	volume = {16},
	number = {s1},
	doi = {10.1111/ele.12048},
	url = {https://onlinelibrary.wiley.com/doi/abs/10.1111/ele.12048},
	note = {{\_}eprint: https://onlinelibrary.wiley.com/doi/pdf/10.1111/ele.12048},
	langid = {en}
}

@article{stevens2019,
	title = {Identifying important military installations for continental-scale conservation of marsh bird breeding habitat},
	author = {Stevens, Bryan S. and Conway, Courtney J.},
	year = {2019},
	month = {12},
	date = {2019-12},
	journal = {Journal of Environmental Management},
	pages = {109664},
	volume = {252},
	doi = {10.1016/j.jenvman.2019.109664},
	url = {https://linkinghub.elsevier.com/retrieve/pii/S0301479719313829},
	langid = {en}
}

@article{merow2014,
	title = {What do we gain from simplicity versus complexity in species distribution models?},
	author = {Merow, Cory and Smith, Mathew J. and Edwards Jr, Thomas C. and Guisan, Antoine and McMahon, Sean M. and Normand, Signe and Thuiller, Wilfried and {Wüest}, Rafael O. and Zimmermann, Niklaus E. and Elith, Jane},
	year = {2014},
	date = {2014},
	journal = {Ecography},
	pages = {1267--1281},
	volume = {37},
	number = {12},
	doi = {10.1111/ecog.00845},
	url = {https://onlinelibrary.wiley.com/doi/abs/10.1111/ecog.00845},
	note = {{\_}eprint: https://onlinelibrary.wiley.com/doi/pdf/10.1111/ecog.00845},
	langid = {en}
}

@article{evans2013,
	title = {Do simple models lead to generality in ecology?},
	author = {Evans, Matthew R. and Grimm, Volker and Johst, Karin and Knuuttila, Tarja and de Langhe, Rogier and Lessells, Catherine M. and Merz, Martina and {O{\textquoteright}Malley}, Maureen A. and Orzack, Steve H. and Weisberg, Michael and Wilkinson, Darren J. and Wolkenhauer, Olaf and Benton, Tim G.},
	year = {2013},
	month = {10},
	date = {2013-10-01},
	journal = {Trends in Ecology & Evolution},
	pages = {578--583},
	volume = {28},
	number = {10},
	doi = {10.1016/j.tree.2013.05.022},
	url = {https://www.sciencedirect.com/science/article/pii/S0169534713001444}
}

@article{lonergan2014,
	title = {Data availability constrains model complexity, generality, and utility: a response to Evans {\emph{et al.}}},
	author = {Lonergan, Mike},
	year = {2014},
	month = {06},
	date = {2014-06-01},
	journal = {Trends in Ecology & Evolution},
	pages = {301--302},
	volume = {29},
	number = {6},
	doi = {10.1016/j.tree.2014.03.005},
	url = {https://www.sciencedirect.com/science/article/pii/S0169534714000639}
}

@article{barry2006,
	title = {Error and uncertainty in habitat models},
	author = {Barry, Simon and Elith, Jane},
	year = {2006},
	date = {2006},
	journal = {Journal of Applied Ecology},
	pages = {413--423},
	volume = {43},
	number = {3},
	doi = {10.1111/j.1365-2664.2006.01136.x},
	url = {https://onlinelibrary.wiley.com/doi/abs/10.1111/j.1365-2664.2006.01136.x},
	note = {{\_}eprint: https://onlinelibrary.wiley.com/doi/pdf/10.1111/j.1365-2664.2006.01136.x},
	langid = {en}
}

@article{austin2002,
	title = {Spatial prediction of species distribution: an interface between ecological theory and statistical modelling},
	author = {Austin, M. P},
	year = {2002},
	month = {11},
	date = {2002-11-30},
	journal = {Ecological Modelling},
	pages = {101--118},
	volume = {157},
	number = {2},
	doi = {10.1016/S0304-3800(02)00205-3},
	url = {https://www.sciencedirect.com/science/article/pii/S0304380002002053}
}

@article{merow2013,
	title = {A practical guide to MaxEnt for modeling species' distributions: what it does, and why inputs and settings matter},
	author = {Merow, Cory and Smith, Matthew J. and Silander Jr, John A.},
	year = {2013},
	date = {2013},
	journal = {Ecography},
	pages = {1058--1069},
	volume = {36},
	number = {10},
	doi = {10.1111/j.1600-0587.2013.07872.x},
	url = {https://onlinelibrary.wiley.com/doi/abs/10.1111/j.1600-0587.2013.07872.x},
	note = {{\_}eprint: https://onlinelibrary.wiley.com/doi/pdf/10.1111/j.1600-0587.2013.07872.x},
	langid = {en}
}

@article{elith2008,
	title = {A working guide to boosted regression trees},
	author = {Elith, J. and Leathwick, J. R. and Hastie, T.},
	year = {2008},
	date = {2008},
	journal = {Journal of Animal Ecology},
	pages = {802--813},
	volume = {77},
	number = {4},
	doi = {10.1111/j.1365-2656.2008.01390.x},
	url = {https://onlinelibrary.wiley.com/doi/abs/10.1111/j.1365-2656.2008.01390.x},
	note = {{\_}eprint: https://onlinelibrary.wiley.com/doi/pdf/10.1111/j.1365-2656.2008.01390.x},
	langid = {en}
}

@article{zurell2020,
	title = {A standard protocol for reporting species distribution models},
	author = {Zurell, Damaris and Franklin, Janet and {König}, Christian and Bouchet, Phil J. and Dormann, Carsten F. and Elith, Jane and Fandos, Guillermo and Feng, Xiao and Guillera-Arroita, Gurutzeta and Guisan, Antoine and Lahoz-Monfort, {José J.} and {Leitão}, Pedro J. and Park, Daniel S. and Peterson, A. Townsend and Rapacciuolo, Giovanni and Schmatz, Dirk R. and {Schröder}, Boris and Serra-Diaz, Josep M. and Thuiller, Wilfried and Yates, Katherine L. and Zimmermann, Niklaus E. and Merow, Cory},
	year = {2020},
	date = {2020},
	journal = {Ecography},
	pages = {1261--1277},
	volume = {43},
	number = {9},
	doi = {10.1111/ecog.04960},
	url = {https://onlinelibrary.wiley.com/doi/abs/10.1111/ecog.04960},
	note = {{\_}eprint: https://onlinelibrary.wiley.com/doi/pdf/10.1111/ecog.04960},
	langid = {en}
}

@article{austin2007,
	title = {Species distribution models and ecological theory: A critical assessment and some possible new approaches},
	author = {Austin, Mike},
	year = {2007},
	month = {01},
	date = {2007-01-10},
	journal = {Ecological Modelling},
	pages = {1--19},
	volume = {200},
	number = {1},
	doi = {10.1016/j.ecolmodel.2006.07.005},
	url = {https://www.sciencedirect.com/science/article/pii/S0304380006003140}
}

@article{olden2000,
	title = {Torturing data for the sake of generality: How valid are our regression models?},
	author = {Olden, Julian D. and Jackson, Donald A.},
	year = {2000},
	month = {01},
	date = {2000-01-01},
	journal = {Écoscience},
	pages = {501{\textendash}510},
	volume = {7},
	number = {4},
	doi = {10.1080/11956860.2000.11682622},
	url = {https://doi.org/10.1080/11956860.2000.11682622},
	note = {Publisher: Taylor & Francis
{\_}eprint: https://doi.org/10.1080/11956860.2000.11682622}
}

@article{maggini2006,
	title = {Improving Generalized Regression Analysis for the Spatial Prediction of Forest Communities},
	author = {Maggini, Ramona and Lehmann, Anthony and Zimmermann, Niklaus E. and Guisan, Antoine},
	year = {2006},
	date = {2006},
	journal = {Journal of Biogeography},
	pages = {1729--1749},
	volume = {33},
	number = {10},
	url = {https://www.jstor.org/stable/3838513},
	note = {Publisher: Wiley}
}

@article{araújo2005,
	title = {Validation of species-climate impact models under climate change},
	author = {{Araújo}, Miguel and Pearson, Richard and Thuiller, Wilfried and Erhard, Markus},
	year = {2005},
	month = {07},
	date = {2005-07-19},
	journal = {Global Change Biology},
	pages = {1504--1513},
	volume = {11},
	doi = {10.1111/j.1365-2486.2005.01000.x}
}

@article{guisan2005,
	title = {Predicting species distribution: offering more than simple habitat models},
	author = {Guisan, Antoine and Thuiller, Wilfried},
	year = {2005},
	date = {2005},
	journal = {Ecology Letters},
	pages = {993--1009},
	volume = {8},
	number = {9},
	doi = {10.1111/j.1461-0248.2005.00792.x},
	url = {https://onlinelibrary.wiley.com/doi/abs/10.1111/j.1461-0248.2005.00792.x},
	note = {{\_}eprint: https://onlinelibrary.wiley.com/doi/pdf/10.1111/j.1461-0248.2005.00792.x},
	langid = {en}
}

@article{mackenzie2004,
	title = {Assessing the fit of site-occupancy models},
	author = {MacKenzie, Darryl I. and Bailey, Larissa L.},
	year = {2004},
	month = {09},
	date = {2004-09-01},
	journal = {Journal of Agricultural, Biological, and Environmental Statistics},
	pages = {300--318},
	volume = {9},
	number = {3},
	doi = {10.1198/108571104X3361},
	url = {https://doi.org/10.1198/108571104X3361},
	langid = {en}
}

@article{kellner2014,
	title = {Accounting for Imperfect Detection in Ecology: A Quantitative Review},
	author = {Kellner, Kenneth F. and Swihart, Robert K.},
	year = {2014},
	month = {10},
	date = {2014-10-30},
	journal = {PLOS ONE},
	pages = {e111436},
	volume = {9},
	number = {10},
	doi = {10.1371/journal.pone.0111436},
	url = {https://journals.plos.org/plosone/article?id=10.1371/journal.pone.0111436},
	note = {Publisher: Public Library of Science},
	langid = {en}
}

@book{franklin2010,
	title = {Mapping Species Distributions: Spatial inference and prediction},
	author = {Franklin, J},
	year = {2010},
	date = {2010},
	publisher = {Cambridge University Press},
	url = {https://www.cambridge.org/core/books/mapping-species-distributions/58225AE5693AED8BD812F7CEBE35378A},
	address = {Cambridge UK}
}

@article{dormann2007,
	title = {Promising the future? Global change projections of species distributions},
	author = {Dormann, Carsten F.},
	year = {2007},
	month = {09},
	date = {2007-09-03},
	journal = {Basic and Applied Ecology},
	pages = {387--397},
	volume = {8},
	number = {5},
	doi = {10.1016/j.baae.2006.11.001},
	url = {https://www.sciencedirect.com/science/article/pii/S143917910600106X}
}

@article{doherty2012,
	title = {Comparison of model building and selection strategies},
	author = {Doherty, Paul F. and White, Gary C. and Burnham, Kenneth P.},
	year = {2012},
	month = {02},
	date = {2012-02-01},
	journal = {Journal of Ornithology},
	pages = {317--323},
	volume = {152},
	number = {2},
	doi = {10.1007/s10336-010-0598-5},
	url = {https://doi.org/10.1007/s10336-010-0598-5},
	langid = {en}
}

@book{burnham2004,
	title = {Model Selection and Multimodel Inference},
	author = {Burnham, Kenneth P. and Anderson, David R.},
	year = {2004},
	date = {2004},
	publisher = {Springer},
	doi = {10.1007/b97636},
	url = {http://link.springer.com/10.1007/b97636},
	note = {DOI: 10.1007/b97636},
	address = {New York, NY},
	langid = {en}
}

@article{cook2022,
	title = {Improved predictions and forecasts of chronic wasting disease occurrence using multiple mechanism dynamic occupancy modeling},
	author = {Cook, Jonathan D. and Williams, David M. and Porter, William F. and Christensen, Sonja A.},
	year = {2022},
	date = {2022},
	journal = {The Journal of Wildlife Management},
	pages = {e22296},
	volume = {86},
	number = {7},
	doi = {10.1002/jwmg.22296},
	url = {https://onlinelibrary.wiley.com/doi/abs/10.1002/jwmg.22296},
	note = {{\_}eprint: https://onlinelibrary.wiley.com/doi/pdf/10.1002/jwmg.22296},
	langid = {en}
}

@article{padilla-torres2013,
	title = {Modeling Dengue Vector Dynamics under Imperfect Detection: Three Years of Site-Occupancy by Aedes aegypti and Aedes albopictus in Urban Amazonia},
	author = {Padilla-Torres, Samael D. and Ferraz, {Gonçalo} and Luz, Sergio L. B. and Zamora-Perea, Elvira and Abad-Franch, Fernando},
	editor = {Vasilakis, Nikos},
	year = {2013},
	month = {03},
	date = {2013-03-05},
	journal = {PLoS ONE},
	pages = {e58420},
	volume = {8},
	number = {3},
	doi = {10.1371/journal.pone.0058420},
	url = {https://dx.plos.org/10.1371/journal.pone.0058420},
	langid = {en}
}

@article{marescot2020,
	title = {Inferring wildlife poaching in southeast Asia with multispecies dynamic occupancy models},
	author = {Marescot, Lucile and Lyet, Arnaud and Singh, Rohit and Carter, Neil and Gimenez, Olivier},
	year = {2020},
	month = {02},
	date = {2020-02},
	journal = {Ecography},
	pages = {239--250},
	volume = {43},
	number = {2},
	doi = {10.1111/ecog.04536},
	url = {https://onlinelibrary.wiley.com/doi/10.1111/ecog.04536},
	langid = {en}
}

@article{pendleton2022,
	title = {Decadal-scale phenology and seasonal climate drivers of migratory baleen whales in a rapidly warming marine ecosystem},
	author = {Pendleton, Daniel E. and Tingley, Morgan W. and Ganley, Laura C. and Friedland, Kevin D. and Mayo, Charles and Brown, Moira W. and McKenna, Brigid E. and Jordaan, Adrian and Staudinger, Michelle D.},
	year = {2022},
	date = {2022},
	journal = {Global Change Biology},
	pages = {4989--5005},
	volume = {28},
	number = {16},
	doi = {10.1111/gcb.16225},
	url = {https://onlinelibrary.wiley.com/doi/abs/10.1111/gcb.16225},
	note = {{\_}eprint: https://onlinelibrary.wiley.com/doi/pdf/10.1111/gcb.16225},
	langid = {en}
}

@article{basset2023,
	title = {Abundance, occurrence and time series: long-term monitoring of social insects in a tropical rainforest},
	author = {Basset, Yves and Butterill, Philip T. and Donoso, David A. and P. A. Lamarre, Greg and {Souto-Vilarós}, Daniel and Perez, Filonila and Bobadilla, Ricardo and Lopez, Yacksecari and {Alejandro Ramírez Silva}, {José} and Barrios, {Héctor}},
	year = {2023},
	month = {06},
	date = {2023-06-01},
	journal = {Ecological Indicators},
	pages = {110243},
	volume = {150},
	doi = {10.1016/j.ecolind.2023.110243},
	url = {https://www.sciencedirect.com/science/article/pii/S1470160X23003850}
}

@article{clement2019,
	title = {Partitioning global change: Assessing the relative importance of changes in climate and land cover for changes in avian distribution},
	author = {Clement, Matthew J. and Nichols, James D. and Collazo, Jaime A. and Terando, Adam J. and Hines, James E. and Williams, Steven G.},
	year = {2019},
	date = {2019},
	journal = {Ecology and Evolution},
	pages = {1985--2003},
	volume = {9},
	number = {4},
	doi = {10.1002/ece3.4890},
	url = {https://onlinelibrary.wiley.com/doi/abs/10.1002/ece3.4890},
	note = {{\_}eprint: https://onlinelibrary.wiley.com/doi/pdf/10.1002/ece3.4890},
	langid = {en}
}

@article{gutiérrez-arellano2024,
	title = {Broadening applications of stochastic patch occupancy models over three decades},
	author = {{Gutiérrez-Arellano}, Claudia and Crone, Elizabeth E. and Pettorelli, Nathalie and Hodgson, Jenny A.},
	year = {2024},
	date = {2024},
	journal = {Diversity and Distributions},
	pages = {e13822},
	volume = {n/a},
	number = {n/a},
	doi = {10.1111/ddi.13822},
	url = {https://onlinelibrary.wiley.com/doi/abs/10.1111/ddi.13822},
	note = {{\_}eprint: https://onlinelibrary.wiley.com/doi/pdf/10.1111/ddi.13822},
	langid = {en}
}

@article{briscoe2019,
	title = {Forecasting species range dynamics with process-explicit models: matching methods to applications},
	author = {Briscoe, Natalie J. and Elith, Jane and {Salguero-Gómez}, Roberto and Lahoz-Monfort, {José J.} and Camac, James S. and Giljohann, Katherine M. and Holden, Matthew H. and Hradsky, Bronwyn A. and Kearney, Michael R. and McMahon, Sean M. and Phillips, Ben L. and Regan, Tracey J. and Rhodes, Jonathan R. and Vesk, Peter A. and Wintle, Brendan A. and Yen, Jian D.L. and Guillera-Arroita, Gurutzeta},
	year = {2019},
	date = {2019},
	journal = {Ecology Letters},
	pages = {1940--1956},
	volume = {22},
	number = {11},
	doi = {10.1111/ele.13348},
	url = {https://onlinelibrary.wiley.com/doi/abs/10.1111/ele.13348},
	note = {{\_}eprint: https://onlinelibrary.wiley.com/doi/pdf/10.1111/ele.13348},
	langid = {en}
}

@book{james2021,
	title = {An Introduction to Statistical Learning: with Applications in R},
	author = {James, Gareth and Witten, Daniela and Hastie, Trevor and Tibshirani, Robert},
	year = {2021},
	date = {2021},
	publisher = {Springer US},
	series = {Springer Texts in Statistics},
	doi = {10.1007/978-1-0716-1418-1},
	url = {https://link.springer.com/10.1007/978-1-0716-1418-1},
	note = {DOI: 10.1007/978-1-0716-1418-1},
	address = {New York, NY},
	langid = {en}
}

@article{cruickshank2019,
	title = {Quantifying data quality in a citizen science monitoring program: False negatives, false positives and occupancy trends},
	author = {Cruickshank, Sam S. and {Bühler}, Christoph and Schmidt, Benedikt R.},
	year = {2019},
	month = {07},
	date = {2019-07},
	journal = {Conservation Science and Practice},
	volume = {1},
	number = {7},
	doi = {10.1111/csp2.54},
	url = {https://onlinelibrary.wiley.com/doi/10.1111/csp2.54},
	langid = {en}
}

@article{mangan2019,
	title = {Barred Owls reduce occupancy and breeding propensity of Northern Spotted Owl in a Washington old-growth forest},
	author = {Mangan, Anna O and Chestnut, Tara and Vogeler, Jody C and Breckheimer, Ian K and King, Wendy M and Bagnall, Keith E and Dugger, Katie M},
	year = {2019},
	month = {08},
	date = {2019-08-26},
	journal = {The Condor},
	pages = {duz031},
	volume = {121},
	number = {3},
	doi = {10.1093/condor/duz031},
	url = {https://academic.oup.com/condor/article/doi/10.1093/condor/duz031/5543734},
	langid = {en}
}

@article{rowe2019,
	title = {Disentangling effects of invasive species and habitat while accounting for observer error in a long{-}term amphibian study},
	author = {Rowe, Jennifer C. and Duarte, Adam and Pearl, Christopher A. and McCreary, Brome and Galvan, Stephanie K. and Peterson, James T. and Adams, Michael J.},
	year = {2019},
	month = {04},
	date = {2019-04},
	journal = {Ecosphere},
	volume = {10},
	number = {4},
	doi = {10.1002/ecs2.2674},
	url = {https://onlinelibrary.wiley.com/doi/10.1002/ecs2.2674},
	langid = {en}
}

@article{mortelliti2007,
	title = {Estimating species' absence, colonization and local extinction in patchy landscapes: an application of occupancy models with rodents},
	author = {Mortelliti, A. and Boitani, L.},
	year = {2007},
	date = {2007},
	journal = {Journal of Zoology},
	pages = {244--248},
	volume = {273},
	number = {3},
	doi = {10.1111/j.1469-7998.2007.00320.x},
	url = {https://onlinelibrary.wiley.com/doi/abs/10.1111/j.1469-7998.2007.00320.x},
	note = {{\_}eprint: https://onlinelibrary.wiley.com/doi/pdf/10.1111/j.1469-7998.2007.00320.x},
	langid = {en}
}

@article{risk2011,
	title = {A robust-design formulation of the incidence function model of metapopulation dynamics applied to two species of rails},
	author = {Risk, Benjamin B. and de Valpine, Perry and Beissinger, Steven R.},
	year = {2011},
	date = {2011},
	journal = {Ecology},
	pages = {462--474},
	volume = {92},
	number = {2},
	doi = {10.1890/09-2402.1},
	url = {https://onlinelibrary.wiley.com/doi/abs/10.1890/09-2402.1},
	note = {{\_}eprint: https://onlinelibrary.wiley.com/doi/pdf/10.1890/09-2402.1},
	langid = {en}
}

@article{ahumada2013,
	title = {Monitoring the Status and Trends of Tropical Forest Terrestrial Vertebrate Communities from Camera Trap Data: A Tool for Conservation},
	author = {Ahumada, Jorge A. and Hurtado, Johanna and Lizcano, Diego},
	year = {2013},
	month = {09},
	date = {2013-09-04},
	journal = {PLOS ONE},
	pages = {e73707},
	volume = {8},
	number = {9},
	doi = {10.1371/journal.pone.0073707},
	url = {https://journals.plos.org/plosone/article?id=10.1371/journal.pone.0073707},
	note = {Publisher: Public Library of Science},
	langid = {en}
}

@article{urban2023,
	title = {Using mechanistic insights to predict the climate-induced expansion of a key aquatic predator},
	author = {Urban, Mark C. and Nadeau, Christopher P. and Giery, Sean T.},
	year = {2023},
	date = {2023},
	journal = {Ecological Monographs},
	pages = {e1575},
	volume = {93},
	number = {3},
	doi = {10.1002/ecm.1575},
	url = {https://onlinelibrary.wiley.com/doi/abs/10.1002/ecm.1575},
	note = {{\_}eprint: https://onlinelibrary.wiley.com/doi/pdf/10.1002/ecm.1575},
	langid = {en}
}

@article{stewart2023,
	title = {Model selection in occupancy models: Inference versus prediction},
	author = {Stewart, Peter S. and Stephens, Philip A. and Hill, Russell A. and Whittingham, Mark J. and Dawson, Wayne},
	year = {2023},
	date = {2023},
	journal = {Ecology},
	pages = {e3942},
	volume = {104},
	number = {3},
	doi = {10.1002/ecy.3942},
	url = {https://onlinelibrary.wiley.com/doi/abs/10.1002/ecy.3942},
	note = {{\_}eprint: https://onlinelibrary.wiley.com/doi/pdf/10.1002/ecy.3942},
	langid = {en}
}

@article{brodie2020,
	title = {Trade-offs in covariate selection for species distribution models: a methodological comparison},
	author = {Brodie, Stephanie J. and Thorson, James T. and Carroll, Gemma and Hazen, Elliott L. and Bograd, Steven and Haltuch, Melissa A. and Holsman, Kirstin K. and Kotwicki, Stan and Samhouri, Jameal F. and Willis-Norton, Ellen and Selden, Rebecca L.},
	year = {2020},
	date = {2020},
	journal = {Ecography},
	pages = {11--24},
	volume = {43},
	number = {1},
	doi = {10.1111/ecog.04707},
	url = {https://onlinelibrary.wiley.com/doi/abs/10.1111/ecog.04707},
	note = {{\_}eprint: https://onlinelibrary.wiley.com/doi/pdf/10.1111/ecog.04707},
	langid = {en}
}

@article{scott2015,
	title = {Integrating dynamic occupancy modeling and genetics to infer the status of the imperiled flattened musk turtle},
	author = {Scott, Peter A. and Rissler, Leslie J.},
	year = {2015},
	month = {12},
	date = {2015-12},
	journal = {Biological Conservation},
	pages = {294--303},
	volume = {192},
	doi = {10.1016/j.biocon.2015.10.004},
	url = {https://linkinghub.elsevier.com/retrieve/pii/S0006320715301282},
	langid = {en}
}

@article{olson2005,
	title = {Modeling of Site Occupancy Dynamics for Northern Spotted Owls, with Emphasis on the Effects of Barred Owls},
	author = {Olson, Gail S. and Anthony, Robert G. and Forsman, Eric D. and Ackers, Steven H. and Loschl, Peter J. and Reid, Janice A. and Dugger, Katie M. and Glenn, Elizabeth M. and Ripple, William J.},
	year = {2005},
	date = {2005},
	journal = {The Journal of Wildlife Management},
	pages = {918--932},
	volume = {69},
	number = {3},
	doi = {10.2193/0022-541X(2005)069[0918:MOSODF]2.0.CO;2},
	url = {https://onlinelibrary.wiley.com/doi/abs/10.2193/0022-541X%282005%29069%5B0918%3AMOSODF%5D2.0.CO%3B2},
	note = {{\_}eprint: https://onlinelibrary.wiley.com/doi/pdf/10.2193/0022-541X%282005%29069%5B0918%3AMOSODF%5D2.0.CO%3B2},
	langid = {en}
}

@article{miller2023,
	title = {Maximizing Nest Box Monitoring Effort to Detect American Kestrel Site Occupancy},
	author = {Miller, Karl E. and Brown, Jessi L.},
	year = {2023},
	month = {02},
	date = {2023-02},
	journal = {Journal of Raptor Research},
	pages = {176--184},
	volume = {57},
	number = {2},
	doi = {10.3356/JRR-22-46},
	url = {https://bioone.org/journals/journal-of-raptor-research/volume-57/issue-2/JRR-22-46/Maximizing-Nest-Box-Monitoring-Effort-to-Detect-American-Kestrel-Site/10.3356/JRR-22-46.full},
	note = {Publisher: Raptor Research Foundation}
}

@article{huber2017,
	title = {Occupancy dynamics of the Wood Warbler Phylloscopus sibilatrix assessed with habitat and remote sensing data},
	author = {Huber, Nica and {Kéry}, Marc and Pasinelli, Gilberto},
	year = {2017},
	date = {2017},
	journal = {Ibis},
	pages = {623--637},
	volume = {159},
	number = {3},
	doi = {10.1111/ibi.12472},
	url = {https://onlinelibrary.wiley.com/doi/abs/10.1111/ibi.12472},
	note = {{\_}eprint: https://onlinelibrary.wiley.com/doi/pdf/10.1111/ibi.12472},
	langid = {en}
}

@article{valavi2023,
	title = {Flexible species distribution modelling methods perform well on spatially separated testing data},
	author = {Valavi, Roozbeh and Elith, Jane and Lahoz-Monfort, {José J.} and Guillera-Arroita, Gurutzeta},
	year = {2023},
	date = {2023},
	journal = {Global Ecology and Biogeography},
	pages = {369--383},
	volume = {32},
	number = {3},
	doi = {10.1111/geb.13639},
	url = {https://onlinelibrary.wiley.com/doi/abs/10.1111/geb.13639},
	note = {{\_}eprint: https://onlinelibrary.wiley.com/doi/pdf/10.1111/geb.13639},
	langid = {en}
}

@article{moreira2016,
	title = {Stop and ask for directions: factors affecting anuran detection and occupancy in Pampa farmland ponds},
	author = {Moreira, Leonardo F. B. and Moura, Rafael G. and Maltchik, Leonardo},
	year = {2016},
	month = {01},
	date = {2016-01},
	journal = {Ecological Research},
	pages = {65--74},
	volume = {31},
	number = {1},
	doi = {10.1007/s11284-015-1316-9},
	url = {http://doi.wiley.com/10.1007/s11284-015-1316-9},
	langid = {en}
}

@article{couturier2023,
	title = {Intensive agriculture as the main limiting factor of the otter's return in southwest France},
	author = {Couturier, Thibaut and Steinmetz, Julien and Defos du Rau, Pierre and Marc, Daniel and Trichet, Emma and Gomes, {Régis} and Besnard, {Aurélien}},
	year = {2023},
	month = {03},
	date = {2023-03-01},
	journal = {Biological Conservation},
	pages = {109927},
	volume = {279},
	doi = {10.1016/j.biocon.2023.109927},
	url = {https://www.sciencedirect.com/science/article/pii/S0006320723000277}
}

@article{joseph2020,
	title = {Neural hierarchical models of ecological populations},
	author = {Joseph, Maxwell B.},
	year = {2020},
	date = {2020},
	journal = {Ecology Letters},
	pages = {734--747},
	volume = {23},
	number = {4},
	doi = {10.1111/ele.13462},
	url = {https://onlinelibrary.wiley.com/doi/abs/10.1111/ele.13462},
	note = {{\_}eprint: https://onlinelibrary.wiley.com/doi/pdf/10.1111/ele.13462},
	langid = {en}
}

@article{guillera-arroita2017,
	title = {Species occupancy estimation and imperfect detection: shall surveys continue after the first detection?},
	author = {Guillera-Arroita, Gurutzeta and Lahoz-Monfort, {José J.}},
	year = {2017},
	month = {10},
	date = {2017-10-01},
	journal = {AStA Advances in Statistical Analysis},
	pages = {381--398},
	volume = {101},
	number = {4},
	doi = {10.1007/s10182-017-0292-5},
	url = {https://doi.org/10.1007/s10182-017-0292-5},
	langid = {en}
}

@article{kéry2021,
	title = {Applied hierarchical modeling in ecology : analysis of distribution, abundance and species richness in R and BUGS. Volume 2, Dynamic and advanced models},
	author = {{Kéry}, Marc and Royle, J. Andrew},
	year = {2021},
	month = {01},
	date = {2021-01-01},
	url = {https://research.ebsco.com/linkprocessor/plink?id=acdec215-f169-3c05-a996-ad3f64d6341e},
	note = {Publisher: Academic Press},
	langid = {eng}
}

@article{gelman2014,
	title = {Bayesian data analysis},
	author = {Gelman, Andrew},
	year = {2014},
	month = {01},
	date = {2014-01-01},
	url = {https://research.ebsco.com/linkprocessor/plink?id=86df87c2-efc9-3fae-8c85-32142daec7af},
	note = {Edition: Third edition.
Publisher: CRC Press},
	langid = {eng}
}
