@article{knuth84,
  author = {Knuth, Donald E.},
  title = {Literate Programming},
  year = {1984},
  issue_date = {May 1984},
  publisher = {Oxford University Press, Inc.},
  address = {USA},
  volume = {27},
  number = {2},
  issn = {0010-4620},
  url = {https://doi.org/10.1093/comjnl/27.2.97},
  doi = {10.1093/comjnl/27.2.97},
  journal = {Comput. J.},
  month = may,
  pages = {97â€“111},
  numpages = {15}
}



@article{mackenzie2003,
	title = {Estimating site occupancy, colonization, and local extinction when a species is detected imperfectly},
	author = {MacKenzie, Darryl I. and Nichols, James D. and Hines, James E. and Knutson, Melinda G. and Franklin, Alan B.},
	year = {2003},
	month = {08},
	date = {2003-08},
	journal = {Ecology},
	pages = {2200--2207},
	volume = {84},
	number = {8},
	doi = {10.1890/02-3090},
	url = {http://doi.wiley.com/10.1890/02-3090},
	langid = {en}
}

@article{kery2016,
	title = {Dynamic occupancy models in unmarked},
	author = {Kery, Marc and Chandler, Richard},
	year = {2016},
	date = {2016},
	pages = {24},
	langid = {en}
}

@article{pollock1982,
	title = {A Capture-Recapture Design Robust to Unequal Probability of Capture},
	author = {Pollock, Kenneth H.},
	year = {1982},
	date = {1982},
	journal = {The Journal of Wildlife Management},
	pages = {752--757},
	volume = {46},
	number = {3},
	doi = {10.2307/3808568},
	url = {https://www.jstor.org/stable/3808568},
	note = {Publisher: [Wiley, Wildlife Society]}
}
