
@article{mackenzie2003,
	title = {ESTIMATING SITE OCCUPANCY, COLONIZATION, AND LOCAL EXTINCTION WHEN A SPECIES IS DETECTED IMPERFECTLY},
	author = {MacKenzie, Darryl I. and Nichols, James D. and Hines, James E. and Knutson, Melinda G. and Franklin, Alan B.},
	year = {2003},
	month = {08},
	date = {2003-08},
	journal = {Ecology},
	pages = {2200--2207},
	volume = {84},
	number = {8},
	doi = {10.1890/02-3090},
	url = {http://doi.wiley.com/10.1890/02-3090},
	langid = {en}
}
